<record><leader>00000cas a22000007a 4500</leader><controlfield tag="001">12739351</controlfield><controlfield tag="008">851030d19251967pauwr ne      0    0eng d</controlfield><datafield ind1=" " ind2=" " tag="010"><subfield code="a">sn 85055091 </subfield></datafield><datafield ind1=" " ind2=" " tag="040"><subfield code="a">NPH</subfield><subfield code="b">eng</subfield><subfield code="c">NPH</subfield><subfield code="d">OCLCQ</subfield></datafield><datafield ind1=" " ind2=" " tag="042"><subfield code="a">msc</subfield></datafield><datafield ind1="0" ind2="4" tag="245"><subfield code="a">The Clairton progress.</subfield></datafield><datafield ind1=" " ind2=" " tag="260"><subfield code="a">Clairton, Pa. :</subfield><subfield code="b">Hugh F. Eames,</subfield><subfield code="c">-1967.</subfield></datafield><datafield ind1=" " ind2=" " tag="300"><subfield code="a">v. :</subfield><subfield code="b">ill. ;</subfield><subfield code="c">57 cm.</subfield></datafield><datafield ind1=" " ind2=" " tag="310"><subfield code="a">Weekly</subfield></datafield><datafield ind1="1" ind2=" " tag="362"><subfield code="a">Began in 1925?</subfield><subfield code="z">Cf. Rossell, G. Pa. newspapers.</subfield></datafield><datafield ind1="0" ind2=" " tag="362"><subfield code="a">-v. 65, no. 38 (Sept. 20, 1967).</subfield></datafield><datafield ind1=" " ind2=" " tag="500"><subfield code="a">"Clairton, Jefferson Township and Pleasant Hills," &lt;1951&gt;.</subfield></datafield><datafield ind1=" " ind2=" " tag="580"><subfield code="a">Continues: Greater Clairton progress. Cf. Rossell.</subfield></datafield><datafield ind1=" " ind2=" " tag="588"><subfield code="a">Description based on: Vol. 14, no. 41 (Sept. 15, 1932).</subfield></datafield><datafield ind1=" " ind2=" " tag="752"><subfield code="a">United States</subfield><subfield code="b">Pennsylvania</subfield><subfield code="c">Allegheny</subfield><subfield code="d">Clairton.</subfield></datafield><datafield ind1="1" ind2="0" tag="780"><subfield code="t">Greater Clairton progress</subfield></datafield><datafield ind1="0" ind2="0" tag="785"><subfield code="t">Progress (Clairton, Pa. : 1967)</subfield><subfield code="w">(DLC)sn 89077828</subfield></datafield><datafield ind1="1" ind2=" " tag="029"><subfield code="a">AU@</subfield><subfield code="b">000023533418</subfield></datafield></record>